% Revisiones de IA en Covid:

% enero de 2021...
@article{Adamidi20212833,
  author        = {Adamidi, E.S. and Mitsis, K. and Nikita, K.S.},
  title         = {Artificial intelligence in clinical care amidst COVID-19 pandemic: A systematic review},
  journal       = {Computational and Structural Biotechnology Journal},
  year          = {2021},
  volume        = {19},
  pages         = {2833-2850},
  doi           = {10.1016/j.csbj.2021.05.010},
  note          = {cited By 1},
  url           = {https://www.scopus.com/inward/record.uri?eid=2-s2.0-85106470283&doi=10.1016%2fj.csbj.2021.05.010&partnerID=40&md5=8397ed30276d09df1db66d5414260286},
  document_type = {Review},
  source        = {Scopus}
}

% También enero 2021, pero mucho más citado y con enfoque a la mortalidad
@article{Alballa2021,
  author        = {Alballa, N. and Al-Turaiki, I.},
  title         = {Machine learning approaches in COVID-19 diagnosis, mortality, and severity risk prediction: A review},
  journal       = {Informatics in Medicine Unlocked},
  year          = {2021},
  volume        = {24},
  doi           = {10.1016/j.imu.2021.100564},
  art_number    = {100564},
  note          = {cited By 15},
  url           = {https://www.scopus.com/inward/record.uri?eid=2-s2.0-85104050206&doi=10.1016%2fj.imu.2021.100564&partnerID=40&md5=30b129b0f6e786f65bbea63bfa5aae7f},
  document_type = {Review},
  source        = {Scopus}
}

% No está enfocado en la mortalidad, pero tiene más citas y es de diciembre de 2021

@article{Khan2021,
  author        = {Khan, M. and Mehran, M.T. and Haq, Z.U. and Ullah, Z. and Naqvi, S.R. and Ihsan, M. and Abbass, H.},
  title         = {Applications of artificial intelligence in COVID-19 pandemic: A comprehensive review},
  journal       = {Expert Systems with Applications},
  year          = {2021},
  volume        = {185},
  doi           = {10.1016/j.eswa.2021.115695},
  art_number    = {115695},
  note          = {cited By 8},
  url           = {https://www.scopus.com/inward/record.uri?eid=2-s2.0-85112405183&doi=10.1016%2fj.eswa.2021.115695&partnerID=40&md5=b681a73df48ddbb7727b769c58e81c43},
  document_type = {Review},
  source        = {Scopus}
}

% Estudio de los cambios en los ratios de mortalidad de las distintas regiones (-> y etapas? <-)
@conference{Sewariya2021141,
  author        = {Sewariya, M. and Katarya, R.},
  title         = {Parameter Based Literature Survey of COVID-19 Mortality Dynamics Using Machine Learning Techniques},
  journal       = {2021 6th International Conference on Recent Trends on Electronics, Information, Communication and Technology, RTEICT 2021},
  year          = {2021},
  pages         = {141-145},
  doi           = {10.1109/RTEICT52294.2021.9573980},
  note          = {cited By 0},
  url           = {https://www.scopus.com/inward/record.uri?eid=2-s2.0-85118945734&doi=10.1109%2fRTEICT52294.2021.9573980&partnerID=40&md5=fa4437337e334456cf9bb823f9f7f96a},
  document_type = {Conference Paper},
  source        = {Scopus}
}


% #############################

% Estudio de la progresión de la pandemia en diferentes regiones
@article{Zhan20212836,
  author        = {Zhan, C. and Tse, C.K. and Gao, Y. and Hao, T.},
  title         = {Comparative Study of COVID-19 Pandemic Progressions in 175 Regions in Australia, Canada, Italy, Japan, Spain, U.K. And USA Using a Novel Model That Considers Testing Capacity and Deficiency in Confirming Infected Cases},
  journal       = {IEEE Journal of Biomedical and Health Informatics},
  year          = {2021},
  volume        = {25},
  number        = {8},
  pages         = {2836-2847},
  doi           = {10.1109/JBHI.2021.3089577},
  art_number    = {9456083},
  note          = {cited By 0},
  url           = {https://www.scopus.com/inward/record.uri?eid=2-s2.0-85112232762&doi=10.1109%2fJBHI.2021.3089577&partnerID=40&md5=b639444ee84b918f82ca5c4b6c7b6e84},
  document_type = {Review},
  source        = {Scopus}
}

% Puede estar bien para probar una idea en la introducción: impacto de machine learning en lucha contra el covid
@article{Napolitano2022,
  author        = {Napolitano, F. and Xu, X. and Gao, X.},
  title         = {Impact of computational approaches in the fight against COVID-19: an AI guided review of 17 000 studies},
  journal       = {Briefings in bioinformatics},
  year          = {2022},
  volume        = {23},
  number        = {1},
  doi           = {10.1093/bib/bbab456},
  note          = {cited By 0},
  url           = {https://www.scopus.com/inward/record.uri?eid=2-s2.0-85123814202&doi=10.1093%2fbib%2fbbab456&partnerID=40&md5=9183118471cd5525dd2f56bfb1ee22f5},
  document_type = {Article},
  source        = {Scopus}
}

% Enfocado a la mortalidad y sep 2021, pero usa deep learning y no muchas citas
@article{Sankaranarayanan2021,
  author        = {Sankaranarayanan, S. and Balan, J. and Walsh, J.R. and Wu, Y. and Minnich, S. and Piazza, A. and Osborne, C. and Oliver, G.R. and Lesko, J. and Bates, K.L. and Khezeli, K. and Block, D.R. and DiGuardo, M. and Kreuter, J. and O’Horo, J.C. and Kalantari, J. and Klee, E.W. and Salama, M.E. and Kipp, B. and Morice, W.G. and Jenkinson, G.},
  title         = {COVID-19 mortality prediction from deep learning in a large multistate electronic health record and laboratory information system data set: Algorithm development and validation},
  journal       = {Journal of Medical Internet Research},
  year          = {2021},
  volume        = {23},
  number        = {9},
  doi           = {10.2196/30157},
  art_number    = {e30157},
  note          = {cited By 1},
  url           = {https://www.scopus.com/inward/record.uri?eid=2-s2.0-85116596888&doi=10.2196%2f30157&partnerID=40&md5=2ad0c60437510981ecdf052872574046},
  document_type = {Review},
  source        = {Scopus}
}

% Trabajo enfocado a la predicción del resultado de la infección usando árboles, julio 2021

@article{Migriño202156,
  author        = {Migriño, J.R., Jr and Batangan, A.R.U.},
  title         = {Using machine learning to create a decision tree model to predict outcomes of COVID-19 cases in the Philippines},
  journal       = {Western Pacific surveillance and response journal : WPSAR},
  year          = {2021},
  volume        = {12},
  number        = {3},
  pages         = {56-64},
  doi           = {10.5365/wpsar.2021.12.3.831},
  note          = {cited By 0},
  url           = {https://www.scopus.com/inward/record.uri?eid=2-s2.0-85120927634&doi=10.5365%2fwpsar.2021.12.3.831&partnerID=40&md5=2c529fc793b63e9f98994a0ce2c15a46},
  document_type = {Article},
  source        = {Scopus}
}

% Predicción de mortalidad con varios modelos; se usa ingreso a la UCI como predictora; sin citas pero muy reciente
@article{Moulaei2022,
  author        = {Moulaei, K. and Shanbehzadeh, M. and Mohammadi-Taghiabad, Z. and Kazemi-Arpanahi, H.},
  title         = {Comparing machine learning algorithms for predicting COVID-19 mortality},
  journal       = {BMC Medical Informatics and Decision Making},
  year          = {2022},
  volume        = {22},
  number        = {1},
  doi           = {10.1186/s12911-021-01742-0},
  art_number    = {2},
  note          = {cited By 0},
  url           = {https://www.scopus.com/inward/record.uri?eid=2-s2.0-85122283902&doi=10.1186%2fs12911-021-01742-0&partnerID=40&md5=9473a548b821b04098e8ebc8622fec95},
  document_type = {Article},
  source        = {Scopus}
}

% Similar al anterior, pero centrado en predicciones acerca de la UCI. Diciembre 2021, más citas de lo normal
@article{Subudhi2021,
  author        = {Subudhi, S. and Verma, A. and Patel, A.B. and Hardin, C.C. and Khandekar, M.J. and Lee, H. and McEvoy, D. and Stylianopoulos, T. and Munn, L.L. and Dutta, S. and Jain, R.K.},
  title         = {Comparing machine learning algorithms for predicting ICU admission and mortality in COVID-19},
  journal       = {npj Digital Medicine},
  year          = {2021},
  volume        = {4},
  number        = {1},
  doi           = {10.1038/s41746-021-00456-x},
  art_number    = {87},
  note          = {cited By 13},
  url           = {https://www.scopus.com/inward/record.uri?eid=2-s2.0-85106629526&doi=10.1038%2fs41746-021-00456-x&partnerID=40&md5=ce76dd338b267cbc0df4d75e41712a48},
  document_type = {Article},
  source        = {Scopus}
}

% Estudio reciente con datos españoles mediante clustering de fenotipos que determinan mortalidad en pacientes de la UCI
@article{Rodríguez2021,
  author        = {Rodríguez, A.H. and Ruiz-Botella, M. and Martín-Loeches, I. and Jimenez Herrera, M. and Solé-Violan, J. and Gómez, J. and Bodí, M. and Trefler, S. and Papiol, E. and Díaz, E. and Suberviola, B. and Vallverdu, M. and Mayor-Vázquez, E. and Albaya Moreno, A. and Canabal Berlanga, A. and Sánchez, M. and del Valle Ortíz, M. and Ballesteros, J.C. and Martín Iglesias, L. and Marín-Corral, J. and López Ramos, E. and Hidalgo Valverde, V. and Vidaur Tello, L.V. and Sancho Chinesta, S. and Gonzáles de Molina, F.J. and Herrero García, S. and Sena Pérez, C.C. and Pozo Laderas, J.C. and Rodríguez García, R. and Estella, A. and Ferrer, R. and Loza, A. and Zapata, D.M. and Torres, I.D. and Cuadros, S.I. and Nuñez, M.R. and Pérez, M.L.C. and Ramos, J.G. and Casas, A.V. and Cantón, M.L. and Contreras, J.J.G. and Chomón, H.P. and Chicote, N.A. and González, A.S. and De Alba Aparicio, M. and Laderas, J.C.P. and Estella, A. and Cano, S.M. and Zapata, D.M. and García, R.J. and Montori, L.S. and García, S.H. and Moreno, P.A. and García, C.M. and Bonet, T.M. and Bonafonte, P.O. and Gonzalez, E.F. and Vidales, N.B. and Buil, P.O. and Arbeloa, C.S. and Sancho, I. and Ibañez, P.G. and Gutierrez, P. and Valdovinos, M.C. and Canto, R. and Mariño, A.L.B. and Fernández, M.J.G. and Cuadrado, M.M. and Arias, B.G. and Espina, L.F. and Soria, L.V. and Iglesias, L.M. and Amor, L.L. and Rey, E.F. and Prieto, E.G. and Ruíz, D.F. and González, C.M. and Socias, L. and Borges-Sá, M. and Pérez, M.A. and Socias, A. and Goytisolo, J.M.B. and Mayayo, I.A. and Corradini, C. and Ceniceros, I. and Rodríguez, E. and Rota, J.I.A. and Novo, M.A.N. and Climent, J.C. and Castilla, A.F. and Rullan, T.L. and Sastre, M.M.G. and Senoff, R.P. and Bouza, R.F.-C. and González, J.C.M. and Ortiz, C.P. and Santana, J.L.C. and Agra, J.J.C. and Romero, D.G. and Ortega, A.C. and Gómez, L.A.R. and Solé-Violán, J. and Bodí, M. and Moreno, G. and Trefler, S. and Claverias, L. and Carbonell, R. and Esteve, E. and Olona, M. and Teixidó, X. and Vidal, M.V. and Garrido, B.B. and Gallofré, E.P. and Martell, R.A. and Peñarrocha, R.A. and Casals, X.N. and Roca, R.F. and Vázquez, E.A.M. and Campo, F.R. and Martínez, P.C. and Llasat, D.F. and Masclanz, J.R. and Marín-Corral, J. and Pérez, P. and Muñoz, R. and Vila, C. and de Molina, F.J.G. and Moya, E.N. and Trenado, J. and Vallverdú, I. and Castañé, E. and Santos, E.D. and Goma, G. and Moglia, E. and Suberviola, B. and Moreno, A.A. and Crespo, C.M. and Pérez, C.C.S. and Linde, F.A. and Donaire, D.M. and Martínez, V.L. and Castroviejo, N.R. and Ferrigno, G. and Beltrán, R. and Sanmartino, C. and Maján, C.T. and Gutiérrez, A.M. and Valverde, V.H. and López, C.M. and Badallo, O. and del Valle Ortiz, M. and Arlanzón, R.V. and Posadilla, D.I. and Recio, M.T. and Ballesteros, J.C. and Laza, E.L. and Curto, E.G. and García, M.C.S. and Díaz-Tavora, M. and Mancha, R. and Montes, A.O. and Barbachano, I.G. and Mantiñán, E.S. and Cordero, M.L. and García, R.M.R. and Zapata, J.G. and Vázquez, M.G. and Orjales, M.J.C. and Diéguez, M.I.Á. and Velasco, C.R. and Massa, B.L. and Vázquez, M.G. and Varela, I.M. and Zapata, D.M. and Tejedor, A.H. and Ramos, E.M.L. and Elvira, L.A.S. and Montero, R.M. and Delgado, M.C.P. and de la Peña, M.T.M.M. and de Zárate Ansotegui, Y.B.O. and Aranda, A.A. and Lucas, J.H. and Giralt, J.A.S. and Llano, M.C. and Fernández, N.A. and Galindo, M.S. and Ruiz, R.A. and Berlanga, A.C. and Sánchez, M. and Nieto, M. and Sarmiento, E.A. and Blázquez, A.B. and de la Casa, R.M. and Martín, F. and López, S.G. and Quintana, E.M. and Rueda, B.G. and Cañigral, Á.H. and Gómez, L.L. and Delis, P.S.B. and Muore, A.M. and Luengas, Á.A.A. and Soler, E.A. and Pérez, A.B.P. and de Gea García, J.H. and Rubio, R.J. and Cámara, S.S. and Flores, A.M. and Sánchez, J.M. and Martínez, D.F.P. and del Rey Carrión, M.D. and Lledó, M.J.R. and Navarro, J.M.S. and Ruíz, J.F.M. and Hidalgo, J.T. and Ferrer, Á.L. and Navalón, I.C. and Payá, J.M. and Gallego, J.A. and del Carmen Lorente, M. and Gonsalvez, M. and Natera, R.G. and de Murillo, R.G.L. and Gros, T.O. and Viguera, R.F. and González, I.L. and Herrera, A.G. and Tello, L.V. and Aseguinolaza, M. and Eguibar, I. and Bulnes, M.L.C. and Contreras, J.J.G. and Chomón, H.P. and Chicote, N.Á. and González, A.S. and Parra, A.M. and Marti, S.G. and Aguilar, A.L. and Bosch, L.B. and Sanchez, V.G. and De la Guía Ortega, S. and Montell, M.P. and Muncharaz, A.B. and Garces, H.H. and Montero, V.R. and Gómez, M.C. and Algarra, V.M. and Chinesta, S.S. and Cervera, J.A. and Cebrian, F.Á. and Pérez, B.B. and Fores, R.J. and de Maglia, J.B. and Monleón, N.C. and Franco, J.F. and Lazaro, A.S. and Díaz, M.J. and Cortés, M.L.B. and Fayos, L. and Giménez, J. and Soriano, G. and Navarro, R. and Mas, S. and Bisbal, E. and Albert, L. and Romero, J. and Cabreara, J.F. and Ortíz, A. and Ribas, A.M. and on behalf of COVID-19 SEMICYUC Working Group},
  title         = {Deploying unsupervised clustering analysis to derive clinical phenotypes and risk factors associated with mortality risk in 2022 critically ill patients with COVID-19 in Spain},
  journal       = {Critical Care},
  year          = {2021},
  volume        = {25},
  number        = {1},
  doi           = {10.1186/s13054-021-03487-8},
  art_number    = {63},
  note          = {cited By 15},
  url           = {https://www.scopus.com/inward/record.uri?eid=2-s2.0-85101445246&doi=10.1186%2fs13054-021-03487-8&partnerID=40&md5=a0feb1e25d3efa7436f764147f9f0d7a},
  document_type = {Article},
  source        = {Scopus}
}

% Sin citas, pero centrado en predicción de resultados de pacientes ya diagnosticados; usa datos españoles.
@article{arevalo2022importance,
  title     = {The importance of association of comorbidities on COVID-19 outcomes: a machine learning approach},
  author    = {Ar{\'e}valo-Lorido, Jos{\'e} Carlos and Carretero-G{\'o}mez, Juana and Casas-Rojo, Jose Manuel and Ant{\'o}n-Santos, Juan Miguel and Melero-Bermejo, Jos{\'e} Antonio and L{\'o}pez-Carmona, Maria Dolores and Palacios, Lidia Cobos and Sanz-C{\'a}novas, Jaime and Pesqueira-Font{\'a}n, Paula Maria and de la Pe{\~n}a-Fern{\'a}ndez, Andr{\'e}s Alberto and others},
  journal   = {Current Medical Research and Opinion},
  number    = {just-accepted},
  pages     = {1--32},
  year      = {2022},
  publisher = {Taylor \& Francis}
}

% Predicción de mortalidad, artículo es reciente y tiene algunas citas
@article{demichev2022proteomic,
  title     = {A proteomic survival predictor for COVID-19 patients in intensive care},
  author    = {Demichev, Vadim and Tober-Lau, Pinkus and Nazarenko, Tatiana and Lemke, Oliver and Kaur Aulakh, Simran and Whitwell, Harry J and R{\"o}hl, Annika and Freiwald, Anja and Mittermaier, Mirja and Szyrwiel, Lukasz and others},
  journal   = {PLOS Digital Health},
  volume    = {1},
  number    = {1},
  pages     = {e0000007},
  year      = {2022},
  publisher = {Public Library of Science San Francisco, CA USA}
}

% Estudio con datos españoles hasta enero de 2021 (incluye varias olas)
@article{Aznar-Gimeno2021,
  author        = {Aznar-Gimeno, R. and Esteban, L.M. and Labata-Lezaun, G. and Del-Hoyo-alonso, R. and Abadia-Gallego, D. and Paño-Pardo, J.R. and Esquillor-Rodrigo, M.J. and Lanas, Á. and Serrano, M.T.},
  title         = {A clinical decision web to predict ICU admission or death for patients hospitalised with COVID-19 using machine learning algorithms},
  journal       = {International Journal of Environmental Research and Public Health},
  year          = {2021},
  volume        = {18},
  number        = {16},
  doi           = {10.3390/ijerph18168677},
  art_number    = {8677},
  note          = {cited By 2},
  url           = {https://www.scopus.com/inward/record.uri?eid=2-s2.0-85112557647&doi=10.3390%2fijerph18168677&partnerID=40&md5=fd27542244e85b85a20537f929fc05b8},
  document_type = {Article},
  source        = {Scopus}
}

% Estudio de octubre de 2021 de necesidad de admisión a la UCI usando radiomics (estadísticas de radiografías)
@article{VARGHESE2021,
  author        = {VARGHESE, B.A. and SHIN, H. and DESAI, B. and GHOLAMREZANEZHAD, A. and LEI, X. and PERKINS, M. and OBERAI, A. and NANDA, N. and CEN, S. and DUDDALWAR, V.},
  title         = {Predicting clinical outcomes in COVID-19 using radiomics on chest radiographs},
  journal       = {British Journal of Radiology},
  year          = {2021},
  volume        = {94},
  number        = {1126},
  doi           = {10.1259/BJR.20210221},
  art_number    = {20210221},
  note          = {cited By 1},
  url           = {https://www.scopus.com/inward/record.uri?eid=2-s2.0-85115992553&doi=10.1259%2fBJR.20210221&partnerID=40&md5=e82e408ced8f20db570eaedc65f3baae},
  document_type = {Article},
  source        = {Scopus}
}

% Estudio reciente sobre la necesidad de intubación
@inproceedings{domingues2022predicting,
  title        = {Predicting the Use of Invasive Mechanical Ventilation in ICU COVID-19 Patients},
  author       = {Domingues, In{\^e}s},
  booktitle    = {Progress in Pattern Recognition, Image Analysis, Computer Vision, and Applications: 25th Iberoamerican Congress, CIARP 2021, Porto, Portugal, May 10--13, 2021, Revised Selected Papers},
  volume       = {12702},
  pages        = {3},
  year         = {2022},
  organization = {Springer Nature}
}
